@article{nymous84,
    author  = {Ann O. Nymous},
    title   = {Exemplar},
    year    = {1984}
}
